The Bib Entries Go Here